<collection xmlns:xsi="http://www.w3.org/2001/XMLSchema-instance" xmlns="http://www.loc.gov/MARC21/slim" xsi:schemaLocation="http://www.loc.gov/MARC21/slim http://www.loc.gov/standards/marcxml/schema/MARC21slim.xsd">

<record>
  <leader>10013ckdaa2200997 a 4500</leader>
  <controlfield tag="001">3462539</controlfield>
  <controlfield tag="005">20100226103510.0</controlfield>
  <controlfield tag="008">890711s1909    cau||| ||||||     k|eng d</controlfield>
  <datafield tag="035" ind1=" " ind2=" ">
    <subfield code="a">(OCoLC)78960851</subfield>
  </datafield>
  <datafield tag="035" ind1=" " ind2=" ">
    <subfield code="a">(OCoLC)ocm78960851</subfield>
  </datafield>
  <datafield tag="035" ind1=" " ind2=" ">
    <subfield code="a">(CStRLIN)NYDA89-F780</subfield>
  </datafield>
  <datafield tag="035" ind1=" " ind2=" ">
    <subfield code="9">AAA3010AD</subfield>
  </datafield>
  <datafield tag="035" ind1=" " ind2=" ">
    <subfield code="a">(NNC)3462539</subfield>
  </datafield>
  <datafield tag="040" ind1=" " ind2=" ">
    <subfield code="a">NNC</subfield>
    <subfield code="c">NNC</subfield>
    <subfield code="e">gihc</subfield>
  </datafield>
  <datafield tag="043" ind1=" " ind2=" ">
    <subfield code="a">n-us-ca</subfield>
  </datafield>
  <datafield tag="110" ind1="2" ind2=" ">
    <subfield code="a">Greene &amp; Greene.</subfield>
  </datafield>
  <datafield tag="240" ind1="1" ind2="0">
    <subfield code="a">Margaret B.S. Clapham Spinks house (Pasadena, Calif.)</subfield>
  </datafield>
  <datafield tag="245" ind1="1" ind2="0">
    <subfield code="a">Residence for Mrs. Margaret B.S. Clapham Spinks at Oak Knoll, [Pasadena], Cal.</subfield>
    <subfield code="h">[graphic] /</subfield>
    <subfield code="c">Greene &amp; Greene, Arch'ts.</subfield>
  </datafield>
  <datafield tag="260" ind1=" " ind2=" ">
    <subfield code="c">1909.</subfield>
  </datafield>
  <datafield tag="300" ind1=" " ind2=" ">
    <subfield code="a">31 sheets :</subfield>
    <subfield code="b">various media ;</subfield>
    <subfield code="c">53.6 x 90.3 cm. (21 1/8 x 35 5/8 in.) or smaller.</subfield>
  </datafield>
  <datafield tag="500" ind1=" " ind2=" ">
    <subfield code="a">Scale varies.</subfield>
  </datafield>
  <datafield tag="500" ind1=" " ind2=" ">
    <subfield code="a">Bracketed title elements supplied by cataloger or taken from inventory.</subfield>
  </datafield>
  <datafield tag="500" ind1=" " ind2=" ">
    <subfield code="a">Forms part of the Greene &amp; Greene collection of architectural drawings ; job no. 212. Dept. of Drawings &amp; Archives, Avery Architectural and Fine Arts Library.</subfield>
  </datafield>
  <datafield tag="500" ind1=" " ind2=" ">
    <subfield code="a">This project is also known as the William Ward Spinks house.</subfield>
  </datafield>
  <datafield tag="500" ind1=" " ind2=" ">
    <subfield code="a">This set consists of 6 graphite on drafting linen, 5 blueprints with crayon markings on drafting linen, 5 blueprints with crayon markings on paper, 5 ink with graphite annotations on drafting linen, 4 ink on drafting linen with graphite annotations and also with ink wash applied to the verso, 3 blueprints on paper, 3 blueprints with crayon and graphite markings on drafting linen, 1 ink and ink wash with graphite annotations on tracing paper, 1 ink on drafting linen with ink wash applied to the verso, 1 blueprint with crayon and graphite markings on paper, 1 ink and ink wash with graphite annotations on drafting linen, 1 blueprint on drafting linen, and 1 graphite on tracing paper.</subfield>
  </datafield>
  <datafield tag="561" ind1=" " ind2=" ">
    <subfield code="a">Gift of Jean Murray Bangs (Mrs. Harwell Hamilton Harris), 1960; formerly the collection of Charles Sumner Greene.</subfield>
  </datafield>
  <datafield tag="650" ind1=" " ind2="7">
    <subfield code="a">Houses.</subfield>
    <subfield code="2">aat</subfield>
  </datafield>
  <datafield tag="655" ind1=" " ind2="7">
    <subfield code="a">Detail drawings.</subfield>
    <subfield code="2">aat</subfield>
  </datafield>
  <datafield tag="655" ind1=" " ind2="7">
    <subfield code="a">Site plans.</subfield>
    <subfield code="2">aat</subfield>
  </datafield>
  <datafield tag="655" ind1=" " ind2="7">
    <subfield code="a">Sketches.</subfield>
    <subfield code="2">aat</subfield>
  </datafield>
  <datafield tag="655" ind1=" " ind2="7">
    <subfield code="a">Perspective drawings.</subfield>
    <subfield code="2">aat</subfield>
  </datafield>
  <datafield tag="655" ind1=" " ind2="7">
    <subfield code="a">Architectural drawings</subfield>
    <subfield code="x">American.</subfield>
    <subfield code="2">aat</subfield>
  </datafield>
  <datafield tag="655" ind1=" " ind2="7">
    <subfield code="a">Orthographic drawings.</subfield>
    <subfield code="2">aat</subfield>
  </datafield>
  <datafield tag="691" ind1=" " ind2="0">
    <subfield code="a">Pasadena (Calif.)</subfield>
  </datafield>
  <datafield tag="650" ind1=" " ind2="0">
    <subfield code="a">Architecture</subfield>
    <subfield code="z">United States</subfield>
    <subfield code="v">Designs and plans.</subfield>
  </datafield>
  <datafield tag="697" ind1="2" ind2="4">
    <subfield code="a">Margaret B.S. Clapham Spinks house (Pasadena, Calif.)</subfield>
  </datafield>
  <datafield tag="697" ind1="2" ind2="4">
    <subfield code="a">William Ward Spinks house (Pasadena, Calif.)</subfield>
  </datafield>
  <datafield tag="700" ind1="1" ind2=" ">
    <subfield code="a">Greene, Charles Sumner,</subfield>
    <subfield code="d">1868-1957.</subfield>
  </datafield>
  <datafield tag="700" ind1="1" ind2=" ">
    <subfield code="a">Greene, Henry Mather,</subfield>
    <subfield code="d">1870-1954.</subfield>
  </datafield>
  <datafield tag="700" ind1="1" ind2=" ">
    <subfield code="a">Spinks, Margaret B. S. Clapham.</subfield>
  </datafield>
  <datafield tag="700" ind1="1" ind2=" ">
    <subfield code="a">Spinks, William Ward.</subfield>
  </datafield>
  <datafield tag="740" ind1="0" ind2="1">
    <subfield code="a">William Ward Spinks house (Pasadena, Calif.)</subfield>
  </datafield>
  <datafield tag="755" ind1=" " ind2=" ">
    <subfield code="a">Pencil drawings.</subfield>
    <subfield code="2">aat</subfield>
  </datafield>
  <datafield tag="755" ind1=" " ind2=" ">
    <subfield code="a">Blueprints.</subfield>
    <subfield code="2">aat</subfield>
  </datafield>
  <datafield tag="755" ind1=" " ind2=" ">
    <subfield code="a">Crayon drawings.</subfield>
    <subfield code="2">aat</subfield>
  </datafield>
  <datafield tag="755" ind1=" " ind2=" ">
    <subfield code="a">Ink drawings.</subfield>
    <subfield code="2">aat</subfield>
  </datafield>
  <datafield tag="755" ind1=" " ind2=" ">
    <subfield code="a">Ink wash drawings.</subfield>
    <subfield code="2">aat</subfield>
  </datafield>
  <datafield tag="799" ind1="4" ind2="3">
    <subfield code="a">The Greene &amp; Greene collection of architectural drawings.</subfield>
  </datafield>
  <datafield tag="789" ind1="0" ind2=" ">
    <subfield code="1">[1]</subfield>
    <subfield code="i">NYDA.1960.001.03638.</subfield>
    <subfield code="t">Plan of grounds, [i.e. site plan] :</subfield>
    <subfield code="n">Sheet no. 46,</subfield>
    <subfield code="d">Nov. 3rd, 0̀9.</subfield>
    <subfield code="o">"Green lines denote location of water pipes, red lines denote location of rainwater drain".</subfield>
  </datafield>
  <datafield tag="789" ind1="0" ind2=" ">
    <subfield code="1">[2]</subfield>
    <subfield code="i">NYDA.1960.001.03639.</subfield>
    <subfield code="t">Foundation plan ; section of chimney footings, section of wall, sections of girder posts :</subfield>
    <subfield code="n">Sheet no. 1,</subfield>
    <subfield code="d">1909.</subfield>
  </datafield>
  <datafield tag="789" ind1="0" ind2=" ">
    <subfield code="1">[3]</subfield>
    <subfield code="i">NYDA.1960.001.03640R.</subfield>
    <subfield code="t">Foundation plan ; section of chimney footings, section of wall, sections of girder posts :</subfield>
    <subfield code="n">Sheet no. 1,</subfield>
    <subfield code="d">1909.</subfield>
    <subfield code="o">Two pieces of blueprint on paper are pasted onto this sheet.</subfield>
  </datafield>
  <datafield tag="789" ind1="0" ind2=" ">
    <subfield code="1">[4]</subfield>
    <subfield code="i">NYDA.1960.001.03640V.</subfield>
    <subfield code="t">[Unidentified rough sketches]</subfield>
  </datafield>
  <datafield tag="789" ind1="0" ind2=" ">
    <subfield code="1">[5]</subfield>
    <subfield code="i">NYDA.1960.001.03641.</subfield>
    <subfield code="t">Foundation plan ; section of chimney footings, section of wall, sections of girder posts :</subfield>
    <subfield code="n">Sheet no. 1,</subfield>
    <subfield code="d">1909.</subfield>
    <subfield code="o">Two pieces of blueprint on paper are pasted onto this sheet.</subfield>
  </datafield>
  <datafield tag="789" ind1="0" ind2=" ">
    <subfield code="1">[6]</subfield>
    <subfield code="i">NYDA.1960.001.03642.</subfield>
    <subfield code="t">First floor plan :</subfield>
    <subfield code="n">Sheet no. 2,</subfield>
    <subfield code="d">March 31, 1909.</subfield>
  </datafield>
  <datafield tag="789" ind1="0" ind2=" ">
    <subfield code="1">[7]</subfield>
    <subfield code="i">NYDA.1960.001.03643R.</subfield>
    <subfield code="t">First floor plan :</subfield>
    <subfield code="n">Sheet no. 2,</subfield>
    <subfield code="d">March 31, 1909.</subfield>
    <subfield code="o">Three pieces of blueprint on paper are pasted onto this sheet.</subfield>
  </datafield>
  <datafield tag="789" ind1="0" ind2=" ">
    <subfield code="1">[8]</subfield>
    <subfield code="i">NYDA.1960.001.03643V.</subfield>
    <subfield code="t">[Detail sketches of shelf?]</subfield>
  </datafield>
  <datafield tag="789" ind1="0" ind2=" ">
    <subfield code="1">[9]</subfield>
    <subfield code="i">NYDA.1960.001.03644.</subfield>
    <subfield code="t">First floor plan :</subfield>
    <subfield code="n">Sheet no. 2,</subfield>
    <subfield code="d">March 31, 1909.</subfield>
    <subfield code="o">Three pieces of blueprint on paper are pasted onto this sheet.</subfield>
  </datafield>
  <datafield tag="789" ind1="0" ind2=" ">
    <subfield code="1">[10]</subfield>
    <subfield code="i">NYDA.1960.001.03645.</subfield>
    <subfield code="t">Second floor plan :</subfield>
    <subfield code="n">Sheet no. 3,</subfield>
    <subfield code="d">March 31, 1909.</subfield>
  </datafield>
  <datafield tag="789" ind1="0" ind2=" ">
    <subfield code="1">[11]</subfield>
    <subfield code="i">NYDA.1960.001.03646.</subfield>
    <subfield code="t">Second floor plan :</subfield>
    <subfield code="n">Sheet no. 3,</subfield>
    <subfield code="d">March 31, 1909.</subfield>
    <subfield code="o">Three pieces of blueprint on paper are pasted onto this sheet.</subfield>
  </datafield>
  <datafield tag="789" ind1="0" ind2=" ">
    <subfield code="1">[12]</subfield>
    <subfield code="i">NYDA.1960.001.03647.</subfield>
    <subfield code="t">Second floor plan :</subfield>
    <subfield code="n">Sheet no. 3,</subfield>
    <subfield code="d">March 31, 1909.</subfield>
    <subfield code="o">Three pieces of blueprint on paper are pasted onto this sheet.</subfield>
  </datafield>
  <datafield tag="789" ind1="0" ind2=" ">
    <subfield code="1">[13]</subfield>
    <subfield code="i">NYDA.1960.001.03648.</subfield>
    <subfield code="t">Attic plan ; typical wall section [with elevations of windows], elevation of foundation vents :</subfield>
    <subfield code="n">Sheet no. 4,</subfield>
    <subfield code="d">March 31, 1909.</subfield>
  </datafield>
  <datafield tag="789" ind1="0" ind2=" ">
    <subfield code="1">[14]</subfield>
    <subfield code="i">NYDA.1960.001.03649.</subfield>
    <subfield code="t">Attic plan ; typical wall section [with elevations of windows], elevation of foundation vents :</subfield>
    <subfield code="n">Sheet no. 4,</subfield>
    <subfield code="d">March 31, 1909.</subfield>
    <subfield code="o">Two pieces of blueprint on paper are pasted onto this sheet.</subfield>
  </datafield>
  <datafield tag="789" ind1="0" ind2=" ">
    <subfield code="1">[15]</subfield>
    <subfield code="i">NYDA.1960.001.03650.</subfield>
    <subfield code="t">Attic plan ; typical wall section [with elevations of windows], elevation of foundation vents :</subfield>
    <subfield code="n">Sheet no. 4,</subfield>
    <subfield code="d">March 31, 1909.</subfield>
    <subfield code="o">Two pieces of blueprint on paper are pasted onto this sheet.</subfield>
  </datafield>
  <datafield tag="789" ind1="0" ind2=" ">
    <subfield code="1">[16]</subfield>
    <subfield code="i">NYDA.1960.001.03651.</subfield>
    <subfield code="t">West elevation [with] section [through eave] :</subfield>
    <subfield code="n">Sheet no. 5,</subfield>
    <subfield code="d">March 31, 1909.</subfield>
  </datafield>
  <datafield tag="789" ind1="0" ind2=" ">
    <subfield code="1">[17]</subfield>
    <subfield code="i">NYDA.1960.001.03652.</subfield>
    <subfield code="t">West elevation [with] section [through eave] :</subfield>
    <subfield code="n">Sheet no. 5,</subfield>
    <subfield code="d">March 31, 1909.</subfield>
    <subfield code="o">Two pieces of blueprint on paper are pasted onto this sheet.</subfield>
  </datafield>
  <datafield tag="789" ind1="0" ind2=" ">
    <subfield code="1">[18]</subfield>
    <subfield code="i">NYDA.1960.001.03653.</subfield>
    <subfield code="t">West elevation [with] section [through eave] :</subfield>
    <subfield code="n">Sheet no. 5,</subfield>
    <subfield code="d">March 31, 1909.</subfield>
    <subfield code="o">Two pieces of blueprint an paper are pasted onto this sheet.</subfield>
  </datafield>
  <datafield tag="789" ind1="0" ind2=" ">
    <subfield code="1">[19]</subfield>
    <subfield code="i">NYDA.1960.001.03654.</subfield>
    <subfield code="t">South elevation :</subfield>
    <subfield code="n">Sheet no. 6,</subfield>
    <subfield code="d">March 31, 1909.</subfield>
  </datafield>
  <datafield tag="789" ind1="0" ind2=" ">
    <subfield code="1">[20]</subfield>
    <subfield code="i">NYDA.1960.001.03655R.</subfield>
    <subfield code="t">South elevation :</subfield>
    <subfield code="n">Sheet no. 6,</subfield>
    <subfield code="d">March 31, 1909.</subfield>
    <subfield code="o">Three pieces of blueprint on paper are pasted onto this sheet.</subfield>
  </datafield>
  <datafield tag="789" ind1="0" ind2=" ">
    <subfield code="1">[21]</subfield>
    <subfield code="i">NYDA.1960.001.03655V.</subfield>
    <subfield code="t">[Unidentified rough sketch]</subfield>
  </datafield>
  <datafield tag="789" ind1="0" ind2=" ">
    <subfield code="1">[22]</subfield>
    <subfield code="i">NYDA.1960.001.03656.</subfield>
    <subfield code="t">South elevation :</subfield>
    <subfield code="n">Sheet no. 6,</subfield>
    <subfield code="d">March 31, 1909.</subfield>
    <subfield code="o">Three pieces of blueprint on paper are pasted onto this sheet.</subfield>
  </datafield>
  <datafield tag="789" ind1="0" ind2=" ">
    <subfield code="1">[23]</subfield>
    <subfield code="i">NYDA.1960.001.03657.</subfield>
    <subfield code="t">East elevation :</subfield>
    <subfield code="n">Sheet no. 7,</subfield>
    <subfield code="d">March 31, 1909.</subfield>
  </datafield>
  <datafield tag="789" ind1="0" ind2=" ">
    <subfield code="1">[24]</subfield>
    <subfield code="i">NYDA.1960.001.03658R.</subfield>
    <subfield code="t">East elevation :</subfield>
    <subfield code="n">Sheet no. 7,</subfield>
    <subfield code="d">March 31, 1909.</subfield>
    <subfield code="o">Three pieces of blueprint on paper are pasted onto this sheet.</subfield>
  </datafield>
  <datafield tag="789" ind1="0" ind2=" ">
    <subfield code="1">[25]</subfield>
    <subfield code="i">NYDA.1960.001.03658V.</subfield>
    <subfield code="t">[Unidentified rough sketch]</subfield>
  </datafield>
  <datafield tag="789" ind1="0" ind2=" ">
    <subfield code="1">[26]</subfield>
    <subfield code="i">NYDA.1960.001.03659.</subfield>
    <subfield code="t">East elevation :</subfield>
    <subfield code="n">Sheet no. 7,</subfield>
    <subfield code="d">March 31, 1909.</subfield>
    <subfield code="o">Three pieces of blueprint on paper are pasted onto this sheet.</subfield>
  </datafield>
  <datafield tag="789" ind1="0" ind2=" ">
    <subfield code="1">[27]</subfield>
    <subfield code="i">NYDA.1960.001.03660.</subfield>
    <subfield code="t">North elevation :</subfield>
    <subfield code="n">Sheet no. 8,</subfield>
    <subfield code="d">March 31, 1909.</subfield>
  </datafield>
  <datafield tag="789" ind1="0" ind2=" ">
    <subfield code="1">[28]</subfield>
    <subfield code="i">NYDA.1960.001.03661R.</subfield>
    <subfield code="t">North elevation :</subfield>
    <subfield code="n">Sheet no. 8,</subfield>
    <subfield code="d">March 31, 1909.</subfield>
    <subfield code="o">Three pieces of blueprint on paper are pasted onto this sheet.</subfield>
  </datafield>
  <datafield tag="789" ind1="0" ind2=" ">
    <subfield code="1">[29]</subfield>
    <subfield code="i">NYDA.1960.001.03661V.</subfield>
    <subfield code="t">[Unidentified rough sketches]</subfield>
  </datafield>
  <datafield tag="789" ind1="0" ind2=" ">
    <subfield code="1">[30]</subfield>
    <subfield code="i">NYDA.1960.001.03662.</subfield>
    <subfield code="t">North elevation :</subfield>
    <subfield code="n">Sheet no. 8,</subfield>
    <subfield code="d">March 31, 1909.</subfield>
    <subfield code="o">Three pieces of blueprint on paper are pasted onto this sheet.</subfield>
  </datafield>
  <datafield tag="789" ind1="0" ind2=" ">
    <subfield code="1">[31]</subfield>
    <subfield code="i">NYDA.1960.001.03663.</subfield>
    <subfield code="t">Interior elevations and sections -- north, east, south [and] west [elevations of] kitchen ; south [and] east [elevations of] linen room ; north, west, south [and] east [elevations of] pantry ; north, east, south [and] west [elevations of] cold room ; [front and side elevations of] mantel [in] drawing room ; elev., section [and] plan of vent [for] typical closet ; [elevations of] mantels [in] living room &amp; bedroom no. 2 ; north [elevation of] dining room ; south [elevation of] living room ; south [and] west [elevations of] upper and lower halls [with] elevation [and] ection [of lower part of stairs] :</subfield>
    <subfield code="n">Sheet no. 9,</subfield>
    <subfield code="d">March 31, 1909.</subfield>
  </datafield>
  <datafield tag="789" ind1="0" ind2=" ">
    <subfield code="1">[32]</subfield>
    <subfield code="i">NYDA.1960.001.03664R.</subfield>
    <subfield code="t">Interior elevations and sections -- north, east, south [and] west [elevations of] kitchen ; south [and] east [elevations of] linen room ; north, west, south [and] east [elevations of] pantry ; north, east, south [and] west [elevations of] cold room ; [front and side elevations of] mantel [in] drawing room ; elev., section [and] plan of vent [for] typical closet ; [elevations of] mantels [in] living room &amp; bedroom no. 2 ; north [elevation of] dining room ; south [elevation of] living room ; south [and] west [elevations of] upper and lower halls [with] elevation [and] section [of lower part of stairs] :</subfield>
    <subfield code="n">Sheet no. 9,</subfield>
    <subfield code="d">March 31, 1909.</subfield>
  </datafield>
  <datafield tag="789" ind1="0" ind2=" ">
    <subfield code="1">[33]</subfield>
    <subfield code="i">NYDA.1960.001.03664V.</subfield>
    <subfield code="t">[Unidentified rough sketch].</subfield>
    <subfield code="o">"Set no. 1".</subfield>
  </datafield>
  <datafield tag="789" ind1="0" ind2=" ">
    <subfield code="1">[34]</subfield>
    <subfield code="i">NYDA.1960.001.03665.</subfield>
    <subfield code="t">Interior elevations and sections -- north, east, south [and] west [elevations of] kitchen ; south [and] east [elevations of] linen room ; north, west, south [and] east [elevations of] pantry ; north, east, south [and] west [elevations of] cold room ; [front and side elevations of] mantel [in] drawing room ; elev., section [and] plan of vent [for] typical closet ; [elevations of] mantels [in] living room &amp; bedroom no. 2 ; north [elevation of] dining room ; south [elevation of] living room ; south [and] west [elevations of] upper and lower halls [with] elevation [and] section [of lower part of stairs] :</subfield>
    <subfield code="n">Sheet no. 9,</subfield>
    <subfield code="d">March 31, 1909.</subfield>
  </datafield>
  <datafield tag="789" ind1="0" ind2=" ">
    <subfield code="1">[35]</subfield>
    <subfield code="i">NYDA.1960.001.03666.</subfield>
    <subfield code="t">3/4" scale details of balcony -- section on center line, floor plan, side elevation, front elevation :</subfield>
    <subfield code="n">Sheet no. 10,</subfield>
    <subfield code="d">March 31, 1909.</subfield>
  </datafield>
  <datafield tag="789" ind1="0" ind2=" ">
    <subfield code="1">[36]</subfield>
    <subfield code="i">NYDA.1960.001.03667.</subfield>
    <subfield code="t">[Fragmentary drawings for paste-ons for floor plans and elevations] :</subfield>
    <subfield code="n">Sheet no. 11,</subfield>
    <subfield code="d">April 21, 1909.</subfield>
    <subfield code="o">These drawing were made into the pieces which are pasted onto the preceding blueprints.</subfield>
  </datafield>
  <datafield tag="789" ind1="0" ind2=" ">
    <subfield code="1">[37]</subfield>
    <subfield code="i">NYDA.1960.001.03668.</subfield>
    <subfield code="t">[Perspective drawing of unidentified room].</subfield>
    <subfield code="o">This drawing does not seem to correspond with the others in this set and may not be part of this project.</subfield>
  </datafield>
  <datafield tag="900" ind1=" " ind2=" ">
    <subfield code="a">AUTH</subfield>
  </datafield>
</record>

</collection>